<record><leader>00000cas a2200000 a 4500</leader><controlfield tag="001">10368726</controlfield><controlfield tag="008">840202d18521855vtuwr ne      0   a0eng d</controlfield><controlfield tag="009">3768</controlfield><datafield ind1=" " ind2=" " tag="010"><subfield code="a">sn 84022366 </subfield></datafield><datafield ind1=" " ind2=" " tag="040"><subfield code="a">NPX</subfield><subfield code="b">eng</subfield><subfield code="c">NPX</subfield><subfield code="d">DLC</subfield><subfield code="d">NYS</subfield><subfield code="d">NVN</subfield><subfield code="d">OCL</subfield><subfield code="d">NVN</subfield><subfield code="d">DLC</subfield><subfield code="d">OCLCA</subfield><subfield code="d">OCLCF</subfield></datafield><datafield ind1=" " ind2=" " tag="012"><subfield code="l">a</subfield></datafield><datafield ind1="0" ind2=" " tag="022"><subfield code="a">2166-1995</subfield><subfield code="2">1</subfield></datafield><datafield ind1="1" ind2=" " tag="029"><subfield code="a">AU@</subfield><subfield code="b">000020228125</subfield></datafield><datafield ind1=" " ind2=" " tag="042"><subfield code="a">msc</subfield><subfield code="a">nsdp</subfield></datafield><datafield ind1="0" ind2="0" tag="050"><subfield code="a">Newspaper</subfield></datafield><datafield ind1="1" ind2="0" tag="082"><subfield code="a">071</subfield><subfield code="2">14</subfield></datafield><datafield ind1="0" ind2=" " tag="130"><subfield code="a">Rutland County herald (Rutland, Vt. : 1852)</subfield></datafield><datafield ind1=" " ind2="4" tag="222"><subfield code="a">The Rutland County herald (Rutland, Vt. 1852)</subfield></datafield><datafield ind1="1" ind2="4" tag="245"><subfield code="a">The Rutland County herald.</subfield></datafield><datafield ind1="1" ind2="3" tag="246"><subfield code="a">Rutland herald</subfield></datafield><datafield ind1="1" ind2="3" tag="246"><subfield code="a">Herald</subfield><subfield code="f">Feb. 19, 1853-Feb. 23, 1855</subfield></datafield><datafield ind1=" " ind2=" " tag="260"><subfield code="a">Rutland, Vt. :</subfield><subfield code="b">G.H. Beaman,</subfield><subfield code="c">1852-1855.</subfield></datafield><datafield ind1=" " ind2=" " tag="300"><subfield code="a">v. :</subfield><subfield code="b">ill. ;</subfield><subfield code="c">58 cm.</subfield></datafield><datafield ind1=" " ind2=" " tag="310"><subfield code="a">Weekly</subfield></datafield><datafield ind1="0" ind2=" " tag="362"><subfield code="a">Vol. 58, no. 45 (Nov. 20, 1852)-v. 61, no. 8 (Feb. 23, 1855) = Whole no. 3009-whole no. 3123.</subfield></datafield><datafield ind1=" " ind2=" " tag="500"><subfield code="a">Publishers: G.H. Beaman, 1852-185u; L. Barney, &lt;1853&gt;.</subfield></datafield><datafield ind1=" " ind2=" " tag="530"><subfield code="a">Archived issues are available in digital format as part of the Library of Congress Chronicling America online collection.</subfield></datafield><datafield ind1=" " ind2="0" tag="651"><subfield code="a">Rutland (Vt.)</subfield><subfield code="v">Newspapers.</subfield></datafield><datafield ind1=" " ind2="0" tag="651"><subfield code="a">Vermont</subfield><subfield code="v">Newspapers.</subfield></datafield><datafield ind1=" " ind2="7" tag="655"><subfield code="a">Newspapers.</subfield><subfield code="2">fast</subfield><subfield code="0">(OCoLC)fst01423814</subfield></datafield><datafield ind1=" " ind2="7" tag="651"><subfield code="a">Vermont.</subfield><subfield code="2">fast</subfield><subfield code="0">(OCoLC)fst01204305</subfield></datafield><datafield ind1=" " ind2="7" tag="651"><subfield code="a">Vermont</subfield><subfield code="z">Rutland.</subfield><subfield code="2">fast</subfield><subfield code="0">(OCoLC)fst01214597</subfield></datafield><datafield ind1=" " ind2=" " tag="752"><subfield code="a">United States</subfield><subfield code="b">Vermont</subfield><subfield code="c">Rutland</subfield><subfield code="d">Rutland.</subfield></datafield><datafield ind1="0" ind2=" " tag="775"><subfield code="t">Rutland daily herald (Rutland, Vt. : 1853)</subfield><subfield code="w">(DLC)sn 92062054</subfield></datafield><datafield ind1="0" ind2="0" tag="780"><subfield code="t">Rutland herald (Rutland, Vt. : 1850)</subfield><subfield code="x">2166-1987</subfield><subfield code="w">(DLC)sn 84022363</subfield><subfield code="w">(OCoLC)10367300</subfield></datafield><datafield ind1="0" ind2="0" tag="785"><subfield code="t">Rutland herald (Rutland, Vt. : 1855)</subfield><subfield code="w">(DLC)sn 84022365</subfield><subfield code="w">(OCoLC)10368638</subfield></datafield><datafield ind1="4" ind2="1" tag="856"><subfield code="u">http://chroniclingamerica.loc.gov/lccn/sn84022366/issues</subfield></datafield></record>